
<marc:record><marc:leader>00804cam a2200253 a 4500</marc:leader>
<marc:controlfield tag="001">0002503</marc:controlfield>
<marc:controlfield tag="005">20170918190135.0</marc:controlfield><marc:controlfield tag="008">131min.</marc:controlfield><marc:datafield tag="046" ind1=" " ind2=" "><marc:subfield code="k">1971</marc:subfield></marc:datafield><marc:datafield tag="130" ind1="0" ind2=" "><marc:subfield code="a">A Clockwork Orange</marc:subfield></marc:datafield><marc:datafield tag="245" ind1="1" ind2="0"><marc:subfield code="a">A Clockwork Orange</marc:subfield><marc:subfield code="c">Warner Bros.</marc:subfield></marc:datafield><marc:datafield tag="260" ind1=" " ind2=" "><marc:subfield code="b">Warner Bros.</marc:subfield><marc:subfield code="c">1971</marc:subfield></marc:datafield><marc:datafield tag="264" ind1=" " ind2="2"><marc:subfield code="b">Warner Bros.</marc:subfield><marc:subfield code="c">1971</marc:subfield></marc:datafield><marc:datafield tag="300" ind1=" " ind2=" "><marc:subfield code="a">131min.</marc:subfield></marc:datafield><marc:datafield tag="508" ind1=" " ind2=" "><marc:subfield code="a">Directed by, Stanley Kubrick</marc:subfield></marc:datafield><marc:datafield tag="511" ind1="1" ind2=" "><marc:subfield code="a">Malcolm McDowell, Patrick Magee, Aubrey Morris, Warren Clarke, Michael Bates</marc:subfield></marc:datafield><marc:datafield tag="520" ind1=" " ind2=" "><marc:subfield code="a">A teen is jailed for murder and agrees to go into a behavior-modification program that works, leaving him helpless against his former victims.</marc:subfield></marc:datafield><marc:datafield tag="521" ind1="8" ind2=" "><marc:subfield code="a">MPAA Rating: R</marc:subfield></marc:datafield><marc:datafield tag="700" ind1="1" ind2=" "><marc:subfield code="a">Malcolm McDowell</marc:subfield></marc:datafield><marc:datafield tag="700" ind1="1" ind2=" "><marc:subfield code="a">Patrick Magee</marc:subfield></marc:datafield><marc:datafield tag="700" ind1="1" ind2=" "><marc:subfield code="a">Aubrey Morris</marc:subfield></marc:datafield><marc:datafield tag="700" ind1="1" ind2=" "><marc:subfield code="a">Warren Clarke</marc:subfield></marc:datafield><marc:datafield tag="700" ind1="1" ind2=" "><marc:subfield code="a">Michael Bates</marc:subfield></marc:datafield><marc:datafield tag="710" ind1="2" ind2=" "><marc:subfield code="a">Warner Bros.</marc:subfield></marc:datafield></marc:record>