
<marc:record><marc:leader>00906cam a2200253 a 4500</marc:leader>
<marc:controlfield tag="001">0017226</marc:controlfield>
<marc:controlfield tag="005">20170918190135.0</marc:controlfield><marc:controlfield tag="008">113min.</marc:controlfield><marc:datafield tag="046" ind1=" " ind2=" "><marc:subfield code="k">1999</marc:subfield></marc:datafield><marc:datafield tag="130" ind1="0" ind2=" "><marc:subfield code="a">Being John Malkovich</marc:subfield></marc:datafield><marc:datafield tag="245" ind1="1" ind2="0"><marc:subfield code="a">Being John Malkovich</marc:subfield><marc:subfield code="c">Universal Pictures</marc:subfield></marc:datafield><marc:datafield tag="260" ind1=" " ind2=" "><marc:subfield code="b">Universal Pictures</marc:subfield><marc:subfield code="c">1999</marc:subfield></marc:datafield><marc:datafield tag="264" ind1=" " ind2="2"><marc:subfield code="b">Universal Pictures</marc:subfield><marc:subfield code="c">1999</marc:subfield></marc:datafield><marc:datafield tag="300" ind1=" " ind2=" "><marc:subfield code="a">113min.</marc:subfield></marc:datafield><marc:datafield tag="508" ind1=" " ind2=" "><marc:subfield code="a">Directed by, Spike Jonze</marc:subfield></marc:datafield><marc:datafield tag="511" ind1="1" ind2=" "><marc:subfield code="a">John Cusack, Cameron Diaz, Catherine Keener, John Malkovich, Orson Bean</marc:subfield></marc:datafield><marc:datafield tag="520" ind1=" " ind2=" "><marc:subfield code="a">A frustrated puppeteer gains access to John Malkovich's brain via a small portal in his office. Later, a weird love triangle forms when he and his wife both have affairs with one of his coworkers while inhabiting Malkovich's body.</marc:subfield></marc:datafield><marc:datafield tag="521" ind1="8" ind2=" "><marc:subfield code="a">MPAA Rating: R</marc:subfield></marc:datafield><marc:datafield tag="700" ind1="1" ind2=" "><marc:subfield code="a">John Cusack</marc:subfield></marc:datafield><marc:datafield tag="700" ind1="1" ind2=" "><marc:subfield code="a">Cameron Diaz</marc:subfield></marc:datafield><marc:datafield tag="700" ind1="1" ind2=" "><marc:subfield code="a">Catherine Keener</marc:subfield></marc:datafield><marc:datafield tag="700" ind1="1" ind2=" "><marc:subfield code="a">John Malkovich</marc:subfield></marc:datafield><marc:datafield tag="700" ind1="1" ind2=" "><marc:subfield code="a">Orson Bean</marc:subfield></marc:datafield><marc:datafield tag="710" ind1="2" ind2=" "><marc:subfield code="a">Universal Pictures</marc:subfield></marc:datafield></marc:record>
</marc:collection>
